@Article{Nielsen,
  Author         = {O.H. Nielsen and R.M. Martin},
  Title          = {Quantum-mechanical theory of stress and force},
  Journal        = {Phys.\ Rev. B},
  Volume         = {32},
  Pages          = {3780},
  year           = 2000,
}
@Article{Abinit,
  Author         = {X. Gonze and B. Amadon and P.-M. Anglade and J.-M. Beuken and F. Bottin and P. Boulanger and F. Bruneval and D. Caliste and R. Caracas and M. Cote and T. Deutsch and L. Genovese and P. Ghosez and M. Giantomassi and S. Goedecker and D.-R. Hamann and P. Hermet and F. Jollet and G. Jomard and S. Leroux and M. Mancini and S. Mazevet and MJT oliveira and G. Onida and Y. Pouillon and T. Rangel and G.-M. Rignanese and D. Sangalli and R. Shaltaf  and M. Torrent and MJ Verstaete and G. Zerah and JW Zwanziger},
  Title          = {ABINIT: First-principles approaches to material and nanosystem properties},
  Journal        = {Comput. Phys. Comm.},
  Volume         = {180},
  Pages          = {2582-2615},
  year           = 2009,
}
@article{Abinit16,
title = "Recent developments in the ABINIT software package",
journal = "Computer Physics Communications",
volume = "205",
pages = "106 - 131",
year = "2016",
issn = "0010-4655",
doi = "https://doi.org/10.1016/j.cpc.2016.04.003",
url = "http://www.sciencedirect.com/science/article/pii/S0010465516300923",
author = "X. Gonze and F. Jollet and F. Abreu Araujo and D. Adams and B. Amadon and T. Applencourt and C. Audouze and J.-M. Beuken and J. Bieder and A. Bokhanchuk and E. Bousquet and F. Bruneval and D. Caliste and M. Côté and F. Dahm and F. Da Pieve and M. Delaveau and M. Di Gennaro and B. Dorado and C. Espejo and G. Geneste and L. Genovese and A. Gerossier and M. Giantomassi and Y. Gillet and D.R. Hamann and L. He and G. Jomard and J. Laflamme Janssen and S. Le Roux and A. Levitt and A. Lherbier and F. Liu and I. Luka?evi? and A. Martin and C. Martins and M.J.T. Oliveira and S. Poncé and Y. Pouillon and T. Rangel and G.-M. Rignanese and A.H. Romero and B. Rousseau and O. Rubel and A.A. Shukri and M. Stankovski and M. Torrent and M.J. Van Setten and B. Van Troeye and M.J. Verstraete and D. Waroquiers and J. Wiktor and B. Xu and A. Zhou and J.W. Zwanziger",
keywords = "First-principles calculation, Electronic structure, Density Functional Theory, Many-Body Perturbation Theory"
}
@Article{Blochl,
  Author         = {P.E. Bl{\"o}chl},
  Title          = {Projector augmented-wave method},
  Journal        = {Phys.\ Rev. B},
  Volume         = {50},
  Pages          = {17953},
  year           = 1994,
}
@Article{KresseJoubert,
  Author         = {G. Kresse and D. Joubert},
  Title          = {From ultrasoft pseudopotentials to the projector augmented-wave method},
  Journal        = {Phys.\ Rev. B},
  Volume         = {59},
  Pages          = {1758},
  year           = 1999,
}
@Article{Giannozzi,
  Author         = {P. Giannozzi and S. Baroni and N. Bonini and M. Calandra and R. Car and C. Cavazzoni and D. Ceresoli and G. L. Chiarotti and M. Cococcioni and I. Dabo and A. Dal Corso and S. Fabris and G. Fratesi and S. de Gironcoli and R. Gebauer and U. Gerstmann and C. Gougoussis and A. Kokalj and M. Lazzeri and L. Martin-Samos and N. Marzari and F. Mauri and R. Mazzarello and S. Paolini and A. Pasquarello and L. Paulatto and C. Sbraccia and S. Scandolo and G. Sclauzero and A. P. Seitsonen and A. Smogunov and P. Umari and R. M. Wentzcovitch},
  Title          = {QUANTUM ESPRESSO: a modular and open-source software project for quantum simulations of materials},
  Journal        = {J. Phys.: Condens. Matter},
  Volume         = {21},
  Pages          = {395502},
  year           = 2009,
}
@Article{VanderbiltUSPS,
  Author         = {D. Vanderbilt},
  Title          = {Soft self-consistent pseudopotentials in a generalized eigenvalue formalism},
  Journal        = {Phys.\ Rev. B},
  Volume         = {41},
  Pages          = {7892},
  year           = 1990,
}
@Article{Hamann,
  Author         = {D.R. Hamann and M. Schl{\"u}ter and C. Chiang},
  Title          = {Norm-Conserving Pseudopotentials},
  Journal        = {Phys.\ Rev. Lett.},
  Volume         = {43},
  Pages          = {1494},
  year           = 1979,
}
@Article{GonStuSch,
  Author         = {X. Gonze and R. Stumpf and M. Scheffler},
  Title          = {Analysis of separable potentials},
  Journal        = {Phys.\ Rev. B},
  Volume         = {44},
  Pages          = {8503},
  year           = 1991,
}
@Article{Holzwarth,
  Author         = {N.A. Holzwarth and G.E. Matthews and R.B. Dunning and A.R. Tackett and Y. Zeng},
  Title          = {Comparison of the projector augmented-wave, pseudopotential, and linearized augmented-plane-wave formalisms for density-functional calculations of solids},
  Journal        = {Phys.\ Rev. B},
  Volume         = {55},
  Pages          = {2005},
  year           = 1997,
}
@Article{Gonze,
  Author         = {X. Gonze and P. K{\"a}ckell and M. Scheffler},
  Title          = {Ghost states for separable, norm-conserving, ab initio pseudopotentials},
  Journal        = {Phys.\ Rev. B},
  Volume         = {41},
  Pages          = {12264},
  year           = 1990,
}
@Article{Holzwarth1,
  Author         = {A.R. Tackett and N.A.W. Holzwarth and G.E. Matthews },
  Title          = {A Projector Augmented Wave (PAW) code for electronic structure calculations, Part II: pwpaw for periodic solids in a plane wave basis},
  Journal        = {Computer Physics Communications},
  Volume         = {135},
  Pages          = {348},
  year           = 2001,
}
@Article{Fuchs,
  Author         = {M. Fuchs and M. Scheffler },
  Title          = {Ab initio pseudopotentials for electronic structure calculations of poly-atomic systems using density-functional theory},
  Journal        = {Computer Physics Communications},
  Volume         = {119},
  Pages          = {67},
  year           = 1999,
}
@Article{Holzwarth2,
  Author         = {N.A.W. Holzwarth and A.R. Tackett and G.E. Matthews },
  Title          = {A Projector Augmented Wave (PAW) code for electronic structure calculations, Part I:atompaw for generating atom-centered functions},
  Journal        = {Computer Physics Communications},
  Volume         = {135},
  Pages          = {329},
  year           = 2001,
}
@Article{Mortensen,
  Author         = {J.J. Mortensen and L.B. Hansen and K.W. Jacobsen },
  Title          = {A real-space grid implementation of the Projector Augmented Wave method},
  Journal        = {Phys.\ Rev. B},
  Volume         = {135},
  Pages          = {348},
  year           = 2001,
}
@Article{Audouze,
  Author         = {C. Audouze and F. Jollet and M. Torrent and X. Gonze},
  Title          = {Projector Augmented Wave approach to density-functional perturbation theory},
  Journal        = {Phys.\ Rev. B},
  Volume         = {73},
  Pages          = {235101},
  year           = 2006,
}
@Article{Laasonen,
  Author         = {K. Laasonen and A. Pasquarello and R. Car and C. Lee and D. Vanderbilt},
  Title          = {Car-Parrinello molecular dynamics with Vanderbilt ultrasoft pseudopotentials},
  Journal        = {Phys.\ Rev. B},
  Volume         = {47},
  Pages          = {10142},
  year           = 1993,
}
@Misc{Socorro,
 Note        = {The SOCORRO code is a General Lisence Public code developped at the Sandia national Laboratory (URL http://dft.sandia.gov/socorro) }, 
}
@Article{Blanco,
  Author         = {M. Blanco and M. Florez and M. Bermejo},
  Title          = {Evaluation of the rotation matrices in the basis of real spherical harmonics},
  Journal        = {Theochem-Journal of Molecular structure},
  Volume         = {419},
  Pages          = {19},
  year           = 1997,
}
@Article{Troullier,
  Author         = {N. Troullier and J. L. Martins},
  Title          = {},
  Journal        = {Phys.\ Rev. B},
  Volume         = {43},
  Pages          = {1993},
  year           = 1991,
}
@Article{Kleinman,
  Author         = {L. Kleinman and D.M. Bylander},
  Title          = {},
  Journal        = {Phys. Rev. Lett.},
  Volume         = {48},
  Pages          = {1425},
  year           = 1982,
}
@Article{Goedecker,
  Author         = {S. Goedecker and M. Teter and J. Hutter},
  Title          = {Separable dual-space Gaussian pseudopotentials},
  Journal        = {Phys.\ Rev. B},
  Volume         = {54},
  Pages          = {1703},
  year           = 1996,
}
@Article{Furth,
  Author         = {J. Furthm\"uller and P. K\"ackel and F. Bechstedt and G. Kresse},
  Title          = {Extreme softening of Vanderbilt pseudopotentials: General rules and case studies of first-row and d-electron elements},
  Journal        = {Phys.\ Rev. B},
  Volume         = {61},
  Pages          = {4576},
  year           = 2000,
}
@Article{RRKJ,
  Author         = {A. M. Rappe and K. M. Rabe and E. Kaxiras and J. D. Joannopoulos},
  Title          = {},
  Journal        = {Phys.\ Rev. B},
  Volume         = {41},
  Pages          = {1227},
  year           = 1990,
}
@Article{Vasp,
  Author         = {G. Kresse and J. Furthm\"uller},
  Title          = {},
  Journal        = {Comput. Mater. Sci.},
  Volume         = {6},
  Pages          = {15},
  year           = 1996,
}
@Misc{USPP,
 Note        = {The USPP code can be downloaded on D. Vanderbilt site: URL http://www.rutgers.edu/~dhv/uspp }, 
}
@Article{Torrent,
  Author         = {M. Torrent and F. Jollet and F. Bottin and G. Z\'erah and X. Gonze},
  Title          = {Implementation of the Projector Augmented-Wave Method in the ABINIT code},
  Journal        = {Comp. Mat. Sci},
  Volume         = {42},
  Pages          = {337-351},
  year           = 2008,
}
@Article{Torrent1,
  Author         = {M. Torrent and N.A.W. Holzwarth and F. Jollet and D. Harris and N. Lepley and XA Xu},
  Title          = {Electronic structure packages: Two implementations of the Projector Augmented-Wave Method (PAW) formalism},
  Journal        = {Comp. Phys. Comm.},
  Volume         = {181},
  Pages          = {1862-1867},
  year           = 2010,
}
@Article{Lejaeghere,
  Author         = {K. Lejaeghere and V. {Van Speybroeck} and G. {Van Oost} and S. Cottenier},
  Title          = {Error estimates for solid-state density-functional theory predictions: an overview by means of the ground-state elemental crystals},
  Journal        = {Crit. Rev. Solid State Mater. Sci.},
  Volume         = {39},
  Pages          = {1},
  year           = 2014,
}
@Article{web1,
  Author         = {},
  Title          = {Comparing Solid State DFT Codes, Basis Sets and Potentials},
  Journal        = {https://molmod.ugent.be/DeltaCodesDFT},
  Volume         = {},
  Pages          = {},
  year           = 2014,
}
@Article{web2,
  Author         = {},
  Title          = {},
  Journal        = {https://http://esl.cecam.org/mediawiki/index.php/Paw-xml},
  Volume         = {},
  Pages          = {},
  year           = 2016,
}
@Article{web3,
  Author         = {},
  Title          = {},
  Journal        = {https://abinit.org},
  Volume         = {},
  Pages          = {},
  year           = 2014,
}
@Article{web4,
  Author         = {},
  Title          = {},
  Journal        = {https://users.wfu.edu/natalie/papers/pwpaw/man.html},
  Volume         = {},
  Pages          = {},
  year           = 2014,
}
@Article{web5,
  Author         = {},
  Title          = {},
  Journal        = {https://www.physics.rutgers.edu/gbrv/},
  Volume         = {},
  Pages          = {},
  year           = 2014,
}
@Article{Garrity,
  Author         = {K. F. Garrity and J. W. Bennett and K. M. Rabe and D. Vanderbilt},
  Title          = {Pseudopotentials for high-throughput DFT calculations},
  Journal        = {Comp. Mat. Sci.},
  Volume         = {81},
  Pages          = {446-452},
  year           = 2014,
}
@Article{Jollet,
  Author         = {F. Jollet and M. Torrent and N. Holzwarth},
  Title          = {Generation of projector Augmented-Wave atomic data: a 71 element validated table in the XML format},
  Journal        = {Computer Physics Communications},
  Volume         = {185},
  Pages          = {1246-1254},
  year           = 2014,
}
@Article{Koelling,
  Author         = {D. D. Koelling and B. N. Harmon},
  Title          = {A technique for relativistic spin-polarised calculations},
  Journal        = {Journal of Physics C: Solid State Physics},
  Volume         = {10},
  Pages          = {3107},
  year           = 1977,
}
@Article{Note,
  Journal         = {These values have been greatly improved with the v1.01 version of the GBRV table for which $\Delta_{O}=3.330 meV$ and $\Delta_{N}=7.279 meV$ which leads to a mean value of $\Delta=1.606 meV$ for the whole table.},
  Volume         = {},
  Pages          = {},
  year           =  2013,
}
@Article{King,
  Author         = {R. D. King-Smith and M. C. Payne and J. S. Lin},
  Title          = {Real-space implementation of nonlocal pseudopotentials for first-principles total-energy calculations},
  Journal        = {Phys.\ Rev. B},
  Volume         = {44},
  Pages          = {13063},
  year           = 1991,
}



